@article{wang,
    author =       "Wenhui Wang",
    title =        "Finding and Exploiting Vulnerabilities in Embedded TCP/IP Stacks",
    journal =      "Master of Science in Technology Thesis",
    publisher =    "University of Turku",
    pages =        "17--20",
    year =         "2021",
    url =          "https://www.utupub.fi/bitstream/handle/10024/152445/Thesis-Wenhui-Wang.pdf",
    keywords =     "embedded TCP/IP stacks"
}

@online{dunkels,
    author =       "A. Dunkels",
    title =        "Full TCP/IP for 8-bit architectures",
    publisher =    "Swedish Institute of Computer Science",
    year =         "2003",
    month =        "3",
    url =          "https://www.usenix.org/legacy/publications/library/proceedings/mobisys03/tech/full_papers/dunkels/dunkels.pdf",
    keywords =     "embedded TCP/IP stacks"
}

@online{lwip,
    author =       "A. Dunkels",
    title =        "Design and Implementation of the lwIP TCP/IP Stack",
    publisher =    "Swedish Institute of Computer Science",
    year =         "2001",
    month =        "2",
    url =          "https://www.artila.com/download/RIO/RIO-2010PG/lwip.pdf",
    keywords =     "embedded TCP/IP stacks"
}
@online{jacob,
   author = "Bruce L. Jacob",
   title = "AN EVALUATION OF EMBEDDED SYSTEM BEHAVIOR USING FULL-SYSTEM SOFTWARE EMULATION",
   publisher = "Department of Electrical and Computer Engineering",
   year = "2000"
}

@book{mckboskarqua,
    author = "M. K. McKusick, K. Bostic, M. J. Karels and J. S. Quarterman",
    title = "The Design and Implementation of the 4.4 BSD Operating System",
    publisher = "University of Michigan: Addison-Wesley",
    year = "1996"
    
}

@article{DAC99,
	author = "David Stepner, Nagarajan Rajan and David Hui",
	title = "Embedded application design using a real-time OS",
	year = "1999",
	url = "http://www.cecs.uci.edu/~papers/compendium94-03/papers/1999/dac99/pdffiles/09_2.pdf"
}

@online{espressifperformance,
	author = "Espressif",
	title = "ESP32 Wi-Fi Throughput",
	url = "https://docs.espressif.com/projects/esp-idf/en/latest/esp32/api-guides/wifi.html#esp32-wi-fi-throughput"
}

@online{espressiflwip,
	author = "Espressif",
	title = "lwIP",
	url = "https://docs.espressif.com/projects/esp-idf/en/latest/esp32/api-guides/lwip.html"
}

@online{esptechref,
	author = "Espressif",
	title = "esp32 technical reference manual",
	url = "https://www.espressif.com/sites/default/files/documentation/esp32_technical_reference_manual_en.pdf"
}

@article{cloudflaretcpip,
	author = "Marek Majkovski",
	title = "Why we use the Linux kernel's TCP stack",
	url = "https://blog.cloudflare.com/why-we-use-the-linux-kernels-tcp-stack/"
}
